<record><leader>00000cas a22000007a 4500</leader><controlfield tag="001">20082387</controlfield><controlfield tag="008">890728d19071912gaudn ne      0    0eng d</controlfield><datafield ind1=" " ind2=" " tag="010"><subfield code="a">sn 89053728 </subfield></datafield><datafield ind1=" " ind2=" " tag="040"><subfield code="a">NLG</subfield><subfield code="b">eng</subfield><subfield code="c">NLG</subfield><subfield code="d">GUA</subfield><subfield code="d">OCLCQ</subfield><subfield code="d">OCLCF</subfield><subfield code="d">OCLCO</subfield></datafield><datafield ind1="1" ind2=" " tag="029"><subfield code="a">AU@</subfield><subfield code="b">000025476661</subfield></datafield><datafield ind1=" " ind2=" " tag="042"><subfield code="a">msc</subfield></datafield><datafield ind1=" " ind2=" " tag="043"><subfield code="a">n-us-ga</subfield></datafield><datafield ind1="0" ind2="0" tag="245"><subfield code="a">Atlanta Georgian and news.</subfield></datafield><datafield ind1="1" ind2="3" tag="246"><subfield code="a">Atlanta Georgian</subfield></datafield><datafield ind1=" " ind2=" " tag="260"><subfield code="a">Atlanta, Ga. :</subfield><subfield code="b">F.L. Seely,</subfield><subfield code="c">[1907-1912]</subfield></datafield><datafield ind1=" " ind2=" " tag="300"><subfield code="a">v.</subfield></datafield><datafield ind1=" " ind2=" " tag="310"><subfield code="a">Daily (except Sun.)</subfield></datafield><datafield ind1="0" ind2=" " tag="362"><subfield code="a">Vol. 5, no. 1407 (Feb. 2, 1907)-v. 10, no. 217 (Apr. 12, 1912).</subfield></datafield><datafield ind1=" " ind2=" " tag="500"><subfield code="a">Published in several editions.</subfield></datafield><datafield ind1=" " ind2=" " tag="580"><subfield code="a">Formed by the union of: Atlanta Georgian (Atlanta, Ga.), and: Atlanta evening news.</subfield></datafield><datafield ind1=" " ind2="0" tag="651"><subfield code="a">Atlanta (Ga.)</subfield><subfield code="v">Newspapers.</subfield></datafield><datafield ind1=" " ind2="0" tag="651"><subfield code="a">Fulton County (Ga.)</subfield><subfield code="v">Newspapers.</subfield></datafield><datafield ind1=" " ind2="7" tag="655"><subfield code="a">Newspapers.</subfield><subfield code="2">fast</subfield><subfield code="0">(OCoLC)fst01423814</subfield></datafield><datafield ind1=" " ind2="7" tag="651"><subfield code="a">Georgia</subfield><subfield code="z">Atlanta.</subfield><subfield code="2">fast</subfield><subfield code="0">(OCoLC)fst01204627</subfield></datafield><datafield ind1=" " ind2="7" tag="651"><subfield code="a">Georgia</subfield><subfield code="z">Fulton County.</subfield><subfield code="2">fast</subfield><subfield code="0">(OCoLC)fst01211153</subfield></datafield><datafield ind1=" " ind2=" " tag="752"><subfield code="a">United States</subfield><subfield code="b">Georgia</subfield><subfield code="c">Fulton</subfield><subfield code="d">Atlanta.</subfield></datafield><datafield ind1="0" ind2="8" tag="776"><subfield code="i">Online version:</subfield><subfield code="t">Atlanta Georgian and news</subfield><subfield code="w">(DLC)  2010233020</subfield><subfield code="w">(OCoLC)607549062</subfield></datafield><datafield ind1="1" ind2="4" tag="780"><subfield code="t">Atlanta Georgian (Atlanta, Ga.)</subfield><subfield code="w">(DLC)sn 89053730</subfield><subfield code="w">(OCoLC)20082379</subfield></datafield><datafield ind1="1" ind2="4" tag="780"><subfield code="t">Atlanta evening news</subfield><subfield code="w">(DLC)sn 89053700</subfield><subfield code="w">(OCoLC)20082348</subfield></datafield><datafield ind1="0" ind2="0" tag="785"><subfield code="t">Atlanta Georgian (Atlanta, Ga. : 1912)</subfield><subfield code="w">(DLC)sn 89053729</subfield><subfield code="w">(OCoLC)20082372</subfield></datafield></record>